@book{sadalage2012nosql,
  title={NoSQL Distilled: A Brief Guide to the Emerging World of Polyglot Persistence},
  author={Sadalage, Pramod J and Fowler, Martin},
  year={2012},
  publisher={Addison-Wesley Professional}
}

@article{codd1972further,
  title={Further normalization of the data base relational model},
  author={Codd, Edgar F},
  journal={Data base systems},
  pages={33--64},
  year={1972},
  volume="",
  publisher={Prentice-Hall}
}